@article{moler2003nineteen,
  title={Nineteen dubious ways to compute the exponential of a matrix, twenty-five years later},
  author={Moler, C. and Van Loan, C.},
  journal={SIAM review},
  pages={3--49},
  year={2003},
  publisher={JSTOR}
}
